@article{algorithms,
  author={Stewart, G.W.},
  journal={Computing in Science   Engineering}, 
  title={The decompositional approach to matrix computation}, 
  year={2000},
  volume={2},
  number={1},
  pages={50-59},
  doi={10.1109/5992.814658}}
  

@article{cholesky,
  author={N.J.Higham},
  journal={Wiley Interdisciplinary Reviews: Computational Statistics}, 
  title={Cholesky factorization}, 
  year={2009},
  volume={1},
  number={2},
  pages={251–254}}
  
@article{cholesky_application,
  author={Vysotskiy, Victor P., Cederbaum, Lorenz S.},
  journal={The Journal of Chemical Physics}, 
  title={On the Cholesky decomposition for electron propagator methods: General aspects and application on C[sub 60]}, 
  year={2010},
  volume={132},
  DOI = {10.1063/1.3297890}}
  
@article{lu_application,
  author={Jeremy Johnson, Timothy Chagnon, Petya Vachranukunkiet,
Prawat Nagvajara and Chika Nwankpa},
  url = {http://spiral.ece.cmu.edu:8080/pub-spiral/pubfile/para08full_r138_116.pdf}, 
  title={Sparse LU Decomposition using FPGA}
  }
  
@article{jordan_application,
  author = {Dahleh, Munther},
  journal={MIT Open Source Ware}, 
  url = {https://dspace.mit.edu/bitstream/handle/1721.1/74611/6-241-fall-2003/contents/recitations/rec5.pdf},
  title={6.241: Dynamic Systems—Fall 2003 / Jordan Decomposition}
  }
  
@article{lu,
author = {Zabadi, Abdelrahim and Assaf, Ramiz and Kanan, Mohammad},
year = {2017},
month = {03},
pages = {},
title = {LU - Decomposition Computerized Method to Solve Linear Programming Problems}
}

@article{spectral,
  author = {Sanjoy Dasgupta},
  journal={CSE 291: Unsupervised learning }, 
  url = {https://cseweb.ucsd.edu/~dasgupta/291-unsup/lec7.pdf},
  title={Spectral methods},
  year = {spring 2008}
  }
  
@article{svd,
  author = {Michael E. Wall, Andreas Rechtsteiner, Luis M. Rocha },
  url = {https://arxiv.org/abs/physics/0208101},
  title={Singular Value Decomposition and Principal Component Analysis},
  year = {2003}
  }

@article{schur,
  author = {L. Vandenberghe},
  url = {http://www.seas.ucla.edu/~vandenbe/133B/lectures/schur.pdf},
  title={Schur decomposition},
  year = {spring 2020}
  }
  
@article{qr,
  author = {L. Vandenberghe},
  url = {http://www.seas.ucla.edu/~vandenbe/133A/lectures/qr.pdf},
  title={QR Factorization. },
  year = {2021}
  }
  
@article{jordan,
	title = {2017-Gustafson, G. B. - Differential Equations Course Materials},
	month = {Sep},
	url = {https://www.simiode.org/resources/3892},
	year = {2017},
	author = {Winkel , Brian}
}

@article{matlab_referece,
  author = {L.N. Trefethen and D. Bau},
  journal = {Society for Industrial and Applied Mathematics},
  title={Numerical Linear Algebra},
  year = {1997}
  }

